@software{Mahe_OSCILATE_2025,
  author = {Mahé, Vincent},
  title = {OSCILATE: A Python implementation of the Method of Multiple Scales using SymPy for symbolic computation},
  year = {2025},
  publisher = {GitHub},
  url = {https://github.com/VinceECN/OSCILATE},
  version = {1.0.4}
}
