@article{kierful2022,
  author  = {Kierulf, Bjorn},
  title   = {Critical Review of Sounding Rocket Flight Data and Computational Fluid Dynamics Efforts},
  journal = {International Council of the Aeronautical Sciences},
  year    = {2022},
  volume  = {33},
  month   = {September},
  url     = {https://www.icas.org/icas_archive/ICAS2022/data/papers/ICAS2022_0414_paper.pdf}
}

@article{gambo2022,
  author  = {Gambo, Abdurrahman Aliyu and Ali, Emmanuel Yahi and Arungbemi, David Adeshina and Hanif, Mehwish and Anefu, Praise Ngbede and Ali, Nyangwarimam Obadiah and Thomas, Sadiq and Chinda, Francis Emmanuel and May, Zazilah and Qureshi, Saima and Kashif, Muhammad},
  title   = {An End to End Wearable Device and System for Indefinite, Continuous, Real Time Gesture Recognition of Directional and Shape-Based Arm Gestures},
  journal = {IEEE Access},
  year    = {2025},
  volume  = {13},
  pages   = {153436--153463},
  month   = {September},
  doi     = {10.1109/ACCESS.2025.3602871},
  url     = {https://ieeexplore.ieee.org/stamp/stamp.jsp?arnumber=11142252}
}

@INPROCEEDINGS{fernandes2022,
  author    = {Fernandes, Cristiana and Matos, Luís Miguel and Folgado, Duarte and Nunes, Maria Lua and Pereira, João Rui and Pilastri, André and Cortez, Paulo},
  booktitle = {2022 International Joint Conference on Neural Networks (IJCNN)}, 
  title     = {A Deep Learning Approach to Prevent Problematic Movements of Industrial Workers Based on Inertial Sensors}, 
  year      = {2022},
  volume    = {},
  number    = {},
  pages     = {01-08},
  month     = {September},
  keywords  = {Training;Support vector machines;Time series analysis;Pipelines;Neural networks;Shoulder;Predictive models;Musculoskeletal Disorders;Sensor Fusion;Forescasting;Deep Learning;Long Short-Term Memory (LSTM)},
  doi       = {10.1109/IJCNN55064.2022.9892409},
  url       = {https://repositorium.uminho.pt/server/api/core/bitstreams/e39ef4a9-6320-40ed-bc1b-783762f8b531/content}
}

@mastersthesis{filippeschi2024,
  author  = {Filippeschi, Leonardo},
  title   = {Model Predictive Control for Sounding Rocket Rate and Attitude Control},
  school  = {School of Electrical Engineering and Computer Science, KTH Royal Institute of Technology},
  year    = {2024},
  type    = {Master's thesis},
  address = {Stockholm, Sweden},
  month   = {July},
  url     = {https://www.diva-portal.org/smash/get/diva2:1897725/FULLTEXT01.pdf}
}

@article{weber2021,
  author     = {Daniel Weber and Clemens G{\"{u}}hmann and Thomas Seel},
  title      = {RIANN—A Robust Neural Networks Outperforms Attitude Estimation Filters},
  journal    = {CoRR},
  volume     = {abs/2104.07391},
  year       = {2021},
  url        = {https://arxiv.org/abs/2104.07391},
  eprinttype = {arXiv},
  eprint     = {2104.07391},
  timestamp  = {Mon, 30 Jan 2023 16:53:07 +0100},
  biburl     = {https://dblp.org/rec/journals/corr/abs-2104-07391.bib},
  bibsource  = {dblp computer science bibliography, https://dblp.org}
}

@thesis{boeger2022,
  author  = {B{\"{o}}eger, Finn},
  title   = {Developing a Portable Wind Monitoring System for Sailing Events},
  school  = {Institute for Computer Science of the Freie Universität Berlin},
  year    = {2022},
  type    = {Bachelor's thesis},
  address = {Berlin, Germany},
  month   = {December},
  url     = {https://www.inf.fu-berlin.de/inst/ag-se/theses/B%C3%B6ger22-Windmessung.pdf}
}

@ARTICLE{uhlenberg2024,
  AUTHOR   = {Uhlenberg, Lena and Amft, Oliver},
  TITLE    = {Where to mount the IMU? Validation of joint angle kinematics and sensor selection for activities of daily living},
  JOURNAL  = {Frontiers in Computer Science},
  VOLUME   = {6},
  YEAR     = {2024},
  URL      = {https://www.frontiersin.org/journals/computer-science/articles/10.3389/fcomp.2024.1347424},
  DOI      = {10.3389/fcomp.2024.1347424},
  ISSN     = {2624-9898}
}

@inproceedings{uhlenberg2022,
  author    = {Uhlenberg, Lena and Hassan Gangaraju, Swathi and Amft, Oliver},
  title     = {IMUAngle: Joint Angle Estimation with Inertial Sensors in Daily Activities},
  year      = {2022},
  isbn      = {9781450394246},
  publisher = {Association for Computing Machinery},
  address   = {New York, NY, USA},
  url       = {https://doi.org/10.1145/3544794.3558470},
  doi       = {10.1145/3544794.3558470},
  booktitle = {Proceedings of the 2022 ACM International Symposium on Wearable Computers},
  pages     = {64--68},
  numpages  = {5},
  keywords  = {Wearable inertial sensors, joint kinematics, multiscale modelling},
  location  = {Cambridge, United Kingdom},
  series    = {ISWC '22}
}

@ARTICLE{sobczyk2024,
  author   = {Sobczyk, Martin and M{\"{o}}lle, Alexander},
  title    = {Untertägiger Einsatz von Inertialsensoren zur Positions- und Orientierungsbestimmung},
  journal  = {Markscheidewesen},
  volume   = {131},
  number   = {1},
  year     = {2024},
  pages    = {27--33},
  url      = {https://e-docs.geo-leo.de/entities/publication/3bc72201-1e7a-41c4-9217-fcf602fc168d},
  doi      = {110.23689/fidgeo-6191}
}

@thesis{mena2024,
  author  = {Bayer Mena, Arnau},
  title   = {Design of a self-balancing robot},
  school  = {Escola Tècnica Superior d'Enginyeria de Telecomunicació de Barcelona of the Universitat Politècnica de Catalunya},
  year    = {2022},
  type    = {Bachelor's thesis},
  address = {Barcelona, Spain},
  month   = {July},
  url     = {https://upcommons.upc.edu/server/api/core/bitstreams/d66e6cdc-f608-41ea-b26e-6747b4bc87d6/content}
}

@article{nunes2022,
  author   = {Nunes, Maria Lua and Folgado, Duarte and Fujão, Carlos and Silva, Luís and Rodrigues, João and Matias, Pedro and Barandas, Marília and Carreiro, André V. and Madeira, Sara and Gamboa, Hugo},
  journal  = {IEEE Access}, 
  title    = {Posture Risk Assessment in an Automotive Assembly Line Using Inertial Sensors}, 
  year     = {2022},
  volume   = {10},
  number   = {},
  pages    = {83221--83235},
  doi      = {10.1109/ACCESS.2022.3196473},
  url      = {https://run.unl.pt/bitstream/10362/145690/1/Posture_Risk_Assessment_in_an_Automotive_Assembly_Line_Using_Inertial_Sensors.pdf}
}

@phdthesis{nunes2021,
  author    = {Nunes, Maria Lua de Coelho},
  advisor   = {Sara, Madeira, and Andr\'{e}, Carreiro,},
  title     = {Quantifying the Ergonomic Risk and Biomechanical Exposure in Automotive Assembly Lines},
  year      = {2021},
  isbn      = {9798352624784},
  publisher = {Universidade de Lisboa, Portugal},
  url       = {https://dl.acm.org/doi/10.5555/AAI29336033}
}

@inbook{abdimash2023,
  author    = {Di Abdimash and Benjamin Brady and Dev Gujarathi and Matthew Liliedahl and Connor Moriarty and Kaitlyn Smith and Ryan Weeks and Benjamin Workinger},
  title     = {Development of a CubeSat for Orbital Debris Detection},
  booktitle = {2023 Regional Student Conferences},
  chapter   = {},
  pages     = {},
  doi       = {10.2514/6.2023-71403},
  URL       = {https://arc.aiaa.org/doi/abs/10.2514/6.2023-71403},
  eprint    = {https://arc.aiaa.org/doi/pdf/10.2514/6.2023-71403},
}

@article{fayat2021,
  author   = {Fayat, Romain and Delgado Betancourt, Viviana and Goyallon, Thibault and Petremann, Mathieu and Liaudet, Pauline and Descossy, Vincent and Reveret, Lionel and Dugué, Guillaume P.},
  title    = {Inertial Measurement of Head Tilt in Rodents: Principles and Applications to Vestibular Research},
  journal  = {Sensors},
  volume   = {21},
  year     = {2021},
  number   = {18},
  article-number = {6318},
  url      = {https://www.mdpi.com/1424-8220/21/18/6318},
  PubMedID = {34577524},
  issn     = {1424-8220},
  doi      = {10.3390/s21186318}
}

@inbook{vanhoffen2024,
  author    = {Morgan van Hoffen},
  title     = {Dynamic Wind Tunnel Testing of an Actuated Canard-Controlled Hypersonic Model},
  booktitle = {AIAA SCITECH 2024 Forum},
  chapter   = {},
  pages     = {},
  doi       = {10.2514/6.2024-2888},
  URL       = {https://arc.aiaa.org/doi/abs/10.2514/6.2024-2888},
  eprint    = {https://arc.aiaa.org/doi/pdf/10.2514/6.2024-2888}
}

@mastersthesis{elebro2022,
  author  = {Elebro, Christoffer},
  title   = {Enhancing GPR Measurements using Real Time Kinematics and LiDAR Mapping},
  school  = {Department of Physics, Umeå University, Sweden},
  year    = {2022},
  type    = {Master's thesis},
  address = {Umeå, Sweden},
  month   = {August},
  url     = {https://umu.diva-portal.org/smash/record.jsf?pid=diva2%3A1679907}
}

@mastersthesis{ferreira2022,
  author  = {Ferreira Dias, Jacinta},
  title   = {Serious games for hand and wrist rehabilitation},
  school  = {Faculdade de Engenharia da Universidade do Porto},
  year    = {2022},
  type    = {Master's thesis},
  address = {Porto, Portugal},
  month   = {November},
  url     = {https://repositorio-aberto.up.pt/bitstream/10216/145495/2/592244.pdf}
}

@article{fayat2021,
  author   = {Muralikrishna, K. S. and Nikhitha, Prakasan and Haritha, T. K. and Asha, J. George and Rin, T. Paul},
  title    = {Smart glove for Malayalam sign language recognition and audio output},
  journal  = {International Journal of Advance Research, Ideas and Innovations in Technology},
  volume   = {10},
  year     = {2024},
  issue    = {1},
  url      = {https://www.ijariit.com/manuscripts/v10i1/V10I1-1298.pdf},
  issn     = {2454-132X},
}

@mastersthesis{rainville2022,
  author  = {Rainville, Edwin John},
  title   = {Measurements of Nearshore Waves through Coherent Arrays of Small-Scale, Free-Drifting Wave Buoys},
  school  = {University of Washington},
  year    = {2022},
  type    = {Master's thesis},
  address = {Seattle, Washington, USA},
  url     = {https://digital.lib.washington.edu/server/api/core/bitstreams/b8c73475-0ded-4adf-8638-71c759150ec9/content}
}

@mastersthesis{sarvadon2024,
  author  = {Sarvadon, Jean-Luc},
  title   = {Design and Testing of Guidance Strategies for In-Orbit Servicing and Close Proximity Operations},
  school  = {Politecnico di Torino},
  year    = {2024},
  type    = {Master's thesis},
  address = {Turin, Italy},
  month   = {April},
  url     = {https://webthesis.biblio.polito.it/31262/1/tesi.pdf}
}

@mastersthesis{guerreiro2021,
  author  = {Guerreiro Rodrigues Silva, Sara Inês},
  title   = {Standardized Protocol, Acquisition and Analysis for Occupational Risk Evaluation in Public Administration},
  school  = {NOVA University Lisbon, School of Science and Technology},
  year    = {2021},
  type    = {Master's thesis},
  address = {Lisbon, Portugal},
  month   = {November},
  url     = {file:///C:/Users/Mario/Desktop/Silva_2022.pdf}
}

@thesis{ramirez2021,
  author  = {Ramírez Escudero, Pablo},
  title   = {Plataforma Giroscópica de Pruebas para Sistemas de Orientación Inercial},
  school  = {Universidad Politécnica de Madrid, Escuela Técnica Superior de Ingeniería Aeronáutica y del Espacio},
  year    = {2021},
  type    = {Bachelor's thesis},
  address = {Madrid, Spain},
  month   = {July},
  url     = {https://oa.upm.es/91260/3/TFG_P_R_E.pdf}
}