@misc{waves-software,
  title        = {{waves}},
  author       = {Brindley, Kyle and Khalsa, Prabhu and Roberts, Thomas and Cordova, Sergio and Fister, Matthew and Johnson, Chris and Ouellette, Scott},
  doi          = {10.5281/zenodo.7574167},
  organization = {Los Alamos National Laboratory},
  address      = {Los Alamos, New Mexico, USA},
  license      = {BSD 3-Clause},
  url          = {https://github.com/lanl-aea/waves},
  year         = {2025}
}

@Misc{ABAQUS,
  Title           = {ABAQUS 2023},
  Author          = {{Dassault System\'{e}s Simulia Corporation}},
  Note            = {Providence, RI, USA},
  Year            = {2023},
  Address         = {Providence, RI, USA},
  Organization    = {Dassault Systemes},
}

@book{bower,
  title     = {Applied Mechanics of Solids},
  author    = {Allan F. Bower},
  year      = {2009},
  publisher = {CRC Press},
  address   = {Boca Raton, Florida, USA},
  edition   = {1},
}

@misc{cubit,
  Title        = {Cubit},
  Author       = {{National Technology and Engineering Solutions of Sandia, LLC}},
  Note         = {Albuquerque, New Mexico, USA},
  Year         = {2022},
  Address      = {Albuquerque, New Mexico, USA},
  Organization = {National Technology and Engineering Solutions of Sandia, LLC},
  url          = {https://cubit.sandia.gov/},
  urldate      = {2022-08-05},
}

@misc{gitlab,
  Title        = {Gitlab},
  Author       = {GitLab B.V.},
  Note         = {Boston, MA, USA},
  Year         = {2022},
  Address      = {Boston, MA, USA},
  Organization = {GitLab B.V.},
  url          = {https://about.gitlab.com/},
  urldate      = {2022-08-05},
}

@misc{git,
  Title        = {git},
  Year         = {2022},
  Organization = {Software Freedom Conservancy},
  url          = {https://git-scm.com/},
  urldate      = {2022-08-05},
}

@misc{pytest,
  Title        = {Pytest documentation},
  Author       = {Krekel, Holger and Oliveira, Bruno and Pfannschmidt, Ronny and Bruynooghe, Floris and Laugher, Brianna and Bruhin, Florian},
  Note         = {Python testing framework},
  Year         = {2004},
  url          = {https://docs.pytest.org/},
  urldate      = {2024-03-01},
}

@misc{rst,
  Title        = {reStructuredText},
  Author       = {David Goodger},
  Year         = {2022},
  Organization = {Docutils},
  url          = {https://docutils.sourceforge.io/rst.html},
  urldate      = {2022-08-05},
}

@misc{setuptools_scm,
  Title        = {setuptools\_scm},
  Year         = {2023},
  url          = {https://setuptools-scm.readthedocs.io/en/latest/},
  urldate      = {2023-10-30},
}

@misc{sphinx,
  Title        = {Sphinx: Python Documentation Generator},
  Author       = {The Sphinx developers},
  Year         = {2022},
  url          = {https://www.sphinx-doc.org/en/master/index.html},
  urldate      = {2022-08-05},
}
