% List of references in BibTeX format.
% All references should have a DOI or an arXiv reference (or both) if possible,
% so Bibtex can automagically generate hyperlinks to them.

@article{Ezzell_2022,
  author    = {Ezzell, Nic and Pokharel, Bibek and Tewala, Lina and Quiroz, Gregory and Lidar, Daniel A.},
  title     = {Dynamical decoupling for superconducting qubits: A performance survey},
  journal   = {Phys. Rev. Appl.},
  year      = {2023},
  volume    = {20},
  pages     = {064027},
  month     = {Dec},
  issue     = {6},
  numpages  = {42},
  publisher = {American Physical Society},
  archivePrefix = {arxiv},
  eprint={2207.03670},
  doi = {10.1103/PhysRevApplied.20.064027},
}
