@software{bloqade_2024_11114110,
  author       = {Weinberg, Phillip and
                  Wu, Kai-Hsin and
                  John Long and
                  Luo, Xiu-zhe (Roger)},
  title        = {QuEraComputing/bloqade-python: v0.15.11},
  month        = may,
  year         = 2024,
  publisher    = {Zenodo},
  version      = {v0.15.11},
  doi          = {10.5281/zenodo.11114110},
  url          = {https://doi.org/10.5281/zenodo.11114110}
}
