# General with "All versions" Zenodo
@misc{turbo-turtle-software,
  title        = {{turbo-turtle}},
  author       = {Brindley, Kyle and Roberts, Thomas},
  doi          = {10.5281/zenodo.13787498},
  organization = {Los Alamos National Laboratory},
  address      = {Los Alamos, New Mexico, USA},
  license      = {BSD 3-Clause},
  url          = {https://github.com/lanl-aea/turbo-turtle},
  year         = {2025}
}
# Current with "All versions" Zenodo
@misc{turbo-turtle-1-2-8,
  title        = {{turbo-turtle} 1.2.7},
  author       = {Brindley, Kyle and Roberts, Thomas},
  doi          = {10.5281/zenodo.13787498},
  organization = {Los Alamos National Laboratory},
  address      = {Los Alamos, New Mexico, USA},
  license      = {BSD 3-Clause},
  url          = {https://github.com/lanl-aea/turbo-turtle},
  year         = {2025}
}
# Most up-to-date Zenodo
@misc{turbo-turtle-1-2-7,
  title        = {{turbo-turtle} 1.2.7},
  author       = {Brindley, Kyle and Roberts, Thomas},
  doi          = {10.5281/zenodo.16538880},
  organization = {Los Alamos National Laboratory},
  address      = {Los Alamos, New Mexico, USA},
  license      = {BSD 3-Clause},
  url          = {https://github.com/lanl-aea/turbo-turtle},
  year         = {2025}
}
