@software{pauli-prop,
  author = {Qiskit addons team},
  title = {{Pauli prop}},
  howpublished = {\url{https://github.com/Qiskit/pauli-prop}},
  year = {2025}
}
