@article{barton1989theoretical,
  title={Theoretical determination of net radiation force and torque for a spherical particle illuminated by a focused laser beam},
  author={Barton, JP and Alexander, DR and Schaub, SA},
  journal={Journal of Applied Physics},
  volume={66},
  number={10},
  pages={4594--4602},
  year={1989},
  publisher={AIP}
}

@article{xu1995electromagnetic,
  title={Electromagnetic scattering by an aggregate of spheres},
  author={Xu, Yu-lin},
  journal={Applied optics},
  volume={34},
  number={21},
  pages={4573--4588},
  year={1995},
  publisher={Optical Society of America}
}

@article{xu1997electromagnetic,
  title={Electromagnetic scattering by an aggregate of spheres: far field},
  author={Xu, Yu-lin},
  journal={Applied optics},
  volume={36},
  number={36},
  pages={9496--9508},
  year={1997},
  publisher={Optical Society of America}
}

@article{Xu_1998,
  title={Efficient evaluation of vector translation coefficients in multiparticle light-scattering theories},
  volume={139},
  number={1},
  journal={Journal of Computational Physics},
  author={Xu, Yu-Lin},
  year={1998},
  pages={137â€“165}
}

@book{bohren2008absorption,
  title={Absorption and scattering of light by small particles},
  author={Bohren, Craig F and Huffman, Donald R},
  year={2008},
  publisher={John Wiley \& Sons}
}

@article{hovenier1996light,
  title={Light scattering by non-spherical particles},
  author={Hovenier, Joop W},
  journal={J Quant Spectrosc Radiat Transfer},
  volume={55},
  pages={535--694},
  year={1996},
  publisher={Citeseer},
  note = "pg. 269"
}

@article{Xu_1997,
    title={Electromagnetic scattering by an aggregate of spheres: far field},
    volume={36},
    ISSN={0003-6935, 1539-4522},
    DOI={10.1364/AO.36.009496},
    number={36},
    journal={Applied Optics},
    author={Xu, Yu-lin},
    year={1997},
    month={Dec},
    pages={9496}
}

@article{waterman1965matrix,
  title={Matrix formulation of electromagnetic scattering},
  author={Waterman, PC},
  journal={Proceedings of the IEEE},
  volume={53},
  number={8},
  pages={805--812},
  year={1965},
  publisher={IEEE}
}

@article{barber1975scattering,
  title={Scattering of electromagnetic waves by arbitrarily shaped dielectric bodies},
  author={Barber, PW and Yeh, Cavour},
  journal={Applied Optics},
  volume={14},
  number={12},
  pages={2864--2872},
  year={1975},
  publisher={Optical Society of America}
}

@article{mishchenko1996t,
  title={T-matrix computations of light scattering by nonspherical particles: a review},
  author={Mishchenko, Michael I and Travis, Larry D and Mackowski, Daniel W},
  journal={Journal of Quantitative Spectroscopy and Radiative Transfer},
  volume={55},
  number={5},
  pages={535--575},
  year={1996},
  publisher={Elsevier}
}

@article{mackowski2008exact,
  title={Exact solution for the scattering and absorption properties of sphere clusters on a plane surface},
  author={Mackowski, Daniel W},
  journal={Journal of Quantitative Spectroscopy and Radiative Transfer},
  volume={109},
  number={5},
  pages={770--788},
  year={2008},
  publisher={Elsevier}
}

@article{egel2014dipole,
  title={Dipole emission in stratified media with multiple spherical scatterers: Enhanced outcoupling from OLEDs},
  author={Egel, Amos and Lemmer, Uli},
  journal={Journal of Quantitative Spectroscopy and Radiative Transfer},
  volume={148},
  pages={165--176},
  year={2014},
  publisher={Elsevier}
}

@article{egel2016light,
  title={Light scattering by oblate particles near planar interfaces: on the validity of the T-matrix approach},
  author={Egel, Amos and Theobald, Dominik and Donie, Yidenekachew and Lemmer, Uli and Gomard, Guillaume},
  journal={Optics express},
  volume={24},
  number={22},
  pages={25154--25168},
  year={2016},
  publisher={Optical Society of America}
}
