@misc{Schultheis2025ManyBody,
      title={Many-body post-processing of density functional calculations using the variational quantum eigensolver for Bader charge analysis}, 
      author={Erik Schultheis and Alexander Rehn and Gabriel Breuil},
      year={2025},
      eprint={-},
      archivePrefix={arXiv},
      primaryClass={quant-ph},
      url={https://arxiv.org/abs/-}, 
      doi={-}
}
